<record xmlns="http://www.loc.gov/MARC21/slim" xmlns:xsi="http://www.w3.org/2001/XMLSchema-instance" xsi:schemaLocation="http://www.loc.gov/MARC21/slim http://www.loc.gov/standards/marcxml/schema/MARC21slim.xsd"><leader>00037nz   2200037n  4500</leader><controlfield tag="001">DNB|102392129</controlfield><controlfield tag="003">DNB</controlfield><controlfield tag="005">19960808164211.0</controlfield><controlfield tag="008">930416|||az|nnaa|||||||||||| a|aaa|||| d</controlfield><datafield ind1="7" ind2=" " tag="016"><subfield code="a">102392129</subfield><subfield code="2">GyFmDB</subfield></datafield><datafield ind1=" " ind2=" " tag="040"><subfield code="a">0000</subfield><subfield code="b">ger</subfield><subfield code="d">9999</subfield><subfield code="f">RAK-PND</subfield></datafield><datafield ind1="1" ind2=" " tag="045"><subfield code="b">dum 370 v. Chr.</subfield></datafield><datafield ind1="0" ind2=" " tag="100"><subfield code="a">Ephippus,</subfield><subfield code="c">Comicus</subfield><subfield code="d">um 370 v. Chr.</subfield></datafield><datafield ind1="0" ind2=" " tag="400"><subfield code="a">Ephippos,</subfield><subfield code="c">Komödiendichter</subfield><subfield code="d">um 370 v. Chr.</subfield></datafield><datafield ind1="0" ind2=" " tag="400"><subfield code="a">Ephippos,</subfield><subfield code="c">Dichter der Mittleren Komödie</subfield><subfield code="d">um 370 v. Chr.</subfield></datafield><datafield ind1="0" ind2=" " tag="400"><subfield code="a">Efippo,</subfield><subfield code="c">Poeta della Commmedia di Mezzo</subfield><subfield code="d">um 370 v. Chr.</subfield></datafield><datafield ind1="0" ind2=" " tag="400"><subfield code="a">Ephippos,</subfield><subfield code="c">Lustspieldichter</subfield><subfield code="d">um 370 v. Chr.</subfield></datafield></record>